
@ARTICLE(Andrews2004,
		author = "S.S. Andrews and D. Bray",
		title = "Stochastic simulation of chemical reactions with spatial resolution and single molecule detail",
		journal = "Phys. Biol.",
		year = "2004",
		volume = "1",
		pages = "137-151"
		)

@ARTICLE(Arkin1998,
		author = "A. Arkin and J. Ross and H. H. McAdams",
		title = "Stochastic Kinetic Analysis of Developmental Pathway Bifurcation in Phage $\lambda$-Infected \textit{Escherichia coli} Cells",
		journal = "Genetics",
		year = "1998",
		volume = "149",
		pages = "1633-1648"
		)

@ARTICLE(Bernstein2002,
		author = "J. A. Bernstein and A. B. Khodursky and P.-H. Lin and S. Lin-Chao and S. N. Cohen",
		title = "Global analysis of mRNA decay and abundance in \textit{Escherichia coli} at single-gene resolution using two-color fluorescent DNA microarrays",
		journal = "Proc. Natl. Acad. Sci. USA",
		year = "2002",
		volume = "99",
		number = "15",
		pages = "9697-9702"
		)

@ARTICLE(Cao2004,
		author = "Y. Cao and H. Li and L. Petzold",
		title = "Efficient formulation of the stochastic simulation algorithm for chemically reacting systems",
		journal = "J. Chem. Phys.",
		year = "2004",
		volume = "121",
		pages = "4059-4068"
		)

@ARTICLE(Chang2008,
		author = "H. H. Chang and M. Hemberg and M. Barahona and D. E. Ingber and S. Huang",
		title = "Transcriptome-wide noise controls lineage choice in mammalian progenitor cells",
		journal = "Nature",
		year = "2008",
		volume = "453",
		pages = "544-547"
		)

@ARTICLE(Cormack1996,
		author = "B. P. Cormack and R. H. Valdivia and S. Falkow",
		title = "FACS-optimized mutants of the green fluorescent protein (GFP)",
		journal = "Gene",
		year = "1996",
		volume = "173",
		number = "1",
		pages = "33-38"
		)

@ARTICLE(Elowitz2002,
		author = "M. B. Elowitz and A. J. Levine and E. D. Siggia and P. S. Swain",
		title = "Stochastic Gene Expression in a Single Cell",
		journal = "Science",
		year = "2002",
		volume = "297",
		pages = "1183-1186"
		)

@ARTICLE(Ephstein2003,
		author = "V. Epshtein and E. Nudler",
		title = "Cooperation between RNA polymerase molecules in transcription elongation",
		journal = "Science",
		year = "2003",
		volume = "300",
		number = "5620",
		pages = "801-805"
		)

@ARTICLE(Erie1993,
		author = "D. A. Erie and O. Hajiseyedjavadi and M. C. Young and P. H. von Hippel",
		title = "Cooperation between RNA polymerase molecules in transcription elongation",
		journal = "Science",
		year = "1993",
		volume = "262",
		pages = "867-873"
		)

@ARTICLE(Gibson2000,
		author = "M. A. Gibson and J. Bruck",
		title = "Efficient Exact Stochastic Simulation of Chemical Systems with Many Species and Many Channels",
		journal = "J. Phys. Chem. A",
		year = "2000",
		volume = "104",
		pages = "1876-1889"
		)

@ARTICLE(Gillespie1976,
		author = "D. T. Gillespie",
		title = "A General Method for Numerically Sampling the Stochastic Time Evolution of Coupled Chemical Reactions",
		journal = "J. Comput. Phys.",
		year = "1976",
		volume = "22",
		pages = "403-434"
		)

@ARTICLE(Gillespie1977,
		author = "D. T. Gillespie",
		title = "Exact Stochastic Simulation of Coupled Chemical Reactions",
		journal = "J. Phys. Chem.",
		year = "1977",
		volume = "81",
		number = "25",
		pages = "2340-2361"
		)

@ARTICLE(Gillespie1992,
		author = "D. T. Gillespie",
		title = "A  rigorous  derivation  of  the  chemical  master equation",
		journal = "Physica A",
		year = "1992",
		volume = "188",
		pages = "404-425"
		)

@ARTICLE(Gillespie1996,
		author = "D. T. Gillespie",
		title = "The multivariate Langevin and Fokker-Planck equations",
		journal = "Am. J. Phys.",
		year = "1996",
		volume = "64",
		pages = "1246-1257"
		)

@ARTICLE(Gillespie2000,
		author = "D. T. Gillespie",
		title = "The chemical Langevin equation",
		journal = "J. Chem. Phys.",
		year = "2000",
		volume = "113",
		pages = "297-306"
		)

@ARTICLE(Gillespie2007,
		author = "D. T. Gillespie",
		title = "Stochastic Simulation of Chemical Kinetics",
		journal = "Annu. Rev. Phys. Chem.",
		year = "2007",
		volume = "58",
		pages = "35-55"
		)

@ARTICLE(Grieve2005,
		author = "S. J. Grieve and P. H. von Hippel",
		title = "Thinking quantitatively about transcriptional regulation",
		journal = "Nat. Rev. Mol. Cell. Biol.",
		year = "2005",
		volume = "6",
		pages = "221-232"
		)

@ARTICLE(Grieve2008,
		author = "S. J. Grieve and S. E. Weitzel and J. P. Goodarzi and L. J. Main and Z. Pasman and P. H. von Hippel",
		title = "Monitoring RNA transcription in real time by using surface plasmon resonance",
		journal = "Proc. Natl. Acad. Sci. USA",
		year = "2008",
		volume = "105",
		pages = "3315-3320"
		)

@ARTICLE(Jorgensen1990,
		author = "F. Jorgensen and C. G. Kurland",
		title = "Processivity errors of gene expression in \textit{Escherichia coli}",
		journal = "J. Mol. Biol.",
		year = "1990",
		volume = "215",
		pages = "511-521"
		)

@ARTICLE(Lampoudi2009,
		author = "S. Lampoudi and D. T. Gillespie and L. R. Petzold",
		title = "The multinomial simulation algorithm for discrete stochastic simulation of reaction-diffusion systems",
		journal = "J. Chem. Phys.",
		year = "2009",
		volume = "130",
		pages = "094104"
		)

@INBOOK{Lewin2008,
		author =	 "B. Lewin",
		title =	 "Genes ",
		address =	 "USA",
		publisher =	 "Jones and Bartlett Publishers",
		edition =	 "IX",
		year =	 "2008",
		pages =	 "256-299",
}

@ARTICLE(Li2006,
		author = "H. Li and L. Petzold",
		title = "Logarithmic direct method for discrete stochastic simulation of chemically reacting systems",
		journal = "Technical report; \emph{Department of Computer Science, University of California: Santa Barbara}",
		year = "2006"
		)

@ARTICLE(Losick2008,
		author = "R. Losick and C. Desplan",
		title = "Stochasticity and cell fate",
		journal = "Science",
		year = "2008",
		volume = "320",
		pages = "65-68"
		)

@ARTICLE(Maamar2007,
		author = "H. Maamar and A. Raj and D. Dubnau",
		title = "Noise in gene expression determines cell fate in \textit{Bacillus subtilis}",
		journal = "Science",
		year = "2007",
		volume = "317",
		pages = "526-529"
		)

@ARTICLE(Makela2011,
		author = "J. M{\"a}kel{\"a} and J. Lloyd-Price and O. Yli-Harja and A. S. Ribeiro",
		title = "Stochastic sequence-level model of coupled transcription and translation in prokaryotes",
		journal = "BMC Bioinf.",
		year = "2011",
		volume = "12",
		number = "1",
		pages = "121"
		)

@ARTICLE(Matsumoto1998,
		author = "M. Matsumoto and T. Nishimura",
		title = "Mersenne Twister: A 623-Dimensionally Equidistributed Uniform Pseudo-Random Number Generator",
		journal = "ACM Trans. on Modeling and Comp. Sim.",
		year = "1998",
		volume = "8",
		number = "1",
		pages = "3-30"
		)

@ARTICLE(McCollum2006,
		author = "J. M. McCollum and G. D. Peterson and C. D. Cox and M. L. Simpson and N. F. Samatova",
		title = "The sorting direct method for stochastic simulation of biochemical systems with varying reaction execution behavior",
		journal = "Comput. Biol. Chem.",
		year = "2006",
		volume = "20",
		number = "1",
		pages = "39-49"
		)

@ARTICLE(McQuarrie1967,
		author = "D. A. McQuarrie",
		title = "Stochastic Approach to Chemical Kinetics",
		journal = "J. Appl. Prob.",
		year = "1967",
		volume = "4",
		pages = "413-478"
		)

@ARTICLE(Mitarai2008,
		author = "N. Mitarai and K. Sneppen and S. Pedersen",
		title = "Ribosome collisions and translation efficiency: optimization by codon usage and mRNA destabilization",
		journal = "J. Mol. Biol.",
		year = "2008",
		volume = "382",
		number = "1",
		pages = "236-245"
		)

@ARTICLE(Moore2005,
		author = "S. D. Moore and R. T. Sauer",
		title = "Ribosome rescue: tmRNA tagging activity and capacity in \textit{Escherichia coli}",
		journal = "Mol. Microbiol.",
		year = "2005",
		volume = "58",
		pages = "456-466"
		)

@ARTICLE(Neubauerz1970,
		author = "Z. Neubauerz and E. Calef",
		title = "Immunity phase-shift in defective lysogens: non-mutational hereditary change of early regulation of lambda prophage",
		journal = "J. Mol. Biol.",
		year = "1970",
		volume = "51",
		number = "1",
		pages = "1-13"
		)
		
@ARTICLE(Pierre2008,
		author = "F. St-Pierre and D. Endy",
		title = "Determination of cell fate selection during phage lambda infection.",
		journal = "Proc. Natl. Acad. Sci. USA",
		year = "2008",
		volume = "105",
		pages = "20705-20710"
		)

@ARTICLE(Phroskin2010,
		author = "S. Phroskin and A. Rachid Rahmouni and A. Mironov and R. Nudler",
		title = "Cooperation between translating ribosomes and RNA polymerase in transcription elongation",
		journal = "Science",
		year = "2010",
		volume = "328",
		number = "5977",
		pages = "504-508"
		)

@ARTICLE(Rajala2010,
		author = "T. Rajala and A. H{\"a}kkinen and S. Healy and O. Yli-Harja and A. S. Ribeiro",
		title = "Effects of Transcriptional Pausing on Gene Expression Dynamics",
		journal = "PLoS Comput. Biol.",
		year = "2010",
		volume = "6",
		number = "3",
		pages = "e1000704"
		)

@ARTICLE(Ribeiro2006,
		author = "A. S. Ribeiro and R. Zhu and S. A. Kauffman",
		title = "A General Modeling Strategy for Gene Regulatory Networks with Stochastic Dynamics",
		journal = "J. Comput. Biol.",
		year = "2006",
		volume = "13",
		number = "9",
		pages = "1630-1639"
		)

@ARTICLE(Ribeiro2007,
		author = "A. S. Ribeiro and J. Lloyd-Price",
		title = "SGN Sim, a Stochastic Genetic Networks Simulator",
		journal = "Bioinformatics",
		year = "2007",
		volume = "23",
		number = "6",
		pages = "777-779"
		)

@ARTICLE(Ribeiro2009,
		author = "A. S. Ribeiro and T. Rajala and O.-P. Smolander and A. H{\"a}kkinen and O. Yli-Harja",
		title = "Delayed Stochastic Model of Transcription at the Single Nucleotide Level",
		journal = "J. Comput. Biol.",
		year = "2009",
		volume = "16",
		pages = "539-553"
		)

@ARTICLE(Ribeiro2010,
		author = "A. S. Ribeiro and A. H{\"a}kkinen and H. Mannerstr{\"o}m and J. Lloyd-Price and O. Yli-Harja",
		title = "Effects of the promoter open complex formation on gene expression dynamics",
		journal = "Phys. Rev. E",
		year = "2010",
		volume = "81",
		pages = "011912"
		)

@ARTICLE(Ribeiro2010b,
		author = "A. S. Ribeiro",
		title = "Stochastic and delayed stochastic models of gene expression and regulation",
		journal = "Math. Biosci.",
		year = "2010",
		volume = "223",
		pages = "1-11"
		)

@ARTICLE(Roussel2006,
		author = "M. R. Roussel and R. Zhu",
		title = "Validation of an algorithm for delay stochastic simulation of transcription and translation in prokaryotic gene expression",
		journal = "Phys. Biol.",
		year = "2006",
		volume = "3",
		pages = "274-284",
		)

@ARTICLE(Sauer2007,
		author = "U. Sauer and M. Heinemann and N. Zamboni",
		title = "Getting Closer to the Whole Picture",
		journal = "Science",
		year = "2007",
		volume = "316",
		number = "5824",
		pages = "550-551"
		)

@ARTICLE(Shoji2009,
		author = "S. Shoji and S. E. Walker and K. Fredrick",
		title = "Ribosomal translocation: One step closer to the molecular mechanism",
		journal = "ACS Chem. Biol.",
		year = "2009",
		volume = "4",
		pages = "93-107"
		)

@ARTICLE(Singh2009,
		author = "A. Singh and L. S. Weinberger",
		title = "Stochastic gene expression as a molecular switch for viral latency",
		journal = "Curr. Opin. Microbiol.",
		year = "2009",
		volume = "12",
		pages = "460-466"
		)

@ARTICLE(Sorensen1991,
		author = "M. A. Sorensen and S. Pedersen",
		title = "Absolute in vivo translation rates of individual codons in \textit{Escherichia coli}",
		journal = "J. Mol. Biol.",
		year = "1991",
		volume = "222",
		pages = "265-280"
		)

@ARTICLE(Suel2006,
		author = "G. M. Suel and J. Garcia-Ojalvo and L. M. Liberman and M. B. Elowitz",
		title = "An excitable gene regulatory circuit induces transient cellular differentiation",
		journal = "Nature",
		year = "2006",
		volume = "440",
		pages = "545-550"
		)

@ARTICLE(Suel2007,
		author = "G. M. Suel and R. P. Kulkarni and J. Dworkin and J. Garcia-Ojalvo and M. B. Elowitz",
		title = "Tunability and noise dependence in differentiation dynamics",
		journal = "Science",
		year = "2007",
		volume = "315",
		pages = "1716-1719"
		)

@ARTICLE(Taniguchi2010,
		author = "Y. Taniguchi and P. J. Choi and G.-W. Li and H. Chen and M. Babu and J. Haern and A. Emili and X. S. Xie",
		title = "Quantifying \textit{E. coli} Proteome and Transcriptome with Single-Molecule Sensitivity in Single Cells",
		journal = "Science",
		year = "2010",
		volume = "329",
		pages = "533-538"
		)

@ARTICLE(Wen2010,
		author = "J. D. Wen and L. Lancaster and C. Hodges and A. C. Zeri and S. H. Yoshimura and H. F. Noller and C. Bustamante and I. Tinoco Jr.",
		title = "Following translation by single ribosomes one codon at a time",
		journal = "Nature",
		year = "2010",
		volume = "452",
		pages = "598-603"
		)

@ARTICLE(Yu2006,
		author = "J. Yu and J. Xiao and X. Ren and K. Lao and X. S. Xie",
		title = "Probing gene expression in live cells, one protein molecule at a time",
		journal = "Science",
		year = "2006",
		volume = "311",
		pages = "1600-1603"
		)

@ARTICLE(Zeng2010,
		author = "L. Zeng and S. O. Skinner and C. Zong and J. Sippy and M. Feiss and I. Golding",
		title = "Decision Making at a Subcellular Level Determines the Outcome of Bacteriophage Infection",
		journal = "Cell",
		year = "2010",
		volume = "141",
		pages = "682-691"
		)

@ARTICLE(Zhu2007,
		author = "R. Zhu and A. S. Ribeiro and D. Salahub and S. A. Kauffman",
		title = "Studying genetic regulatory networks at the molecular level: delayed reaction stochastic models",
		journal = "J. Theor. Biol.",
		year = "2007",
		volume = "246",
		pages = "725-745"
		)

@BOOK{Ptashne2004,
	 author = "M. Ptashne",
	 title = "A Genetic Switch: Phage Lambda Revisited", 
	 address = "Cold Spring Harbor, NY",
	 publisher = "Cold Spring Harbor Laboratory Press",
   edition =	"third edition",
   year =	 "2004"
   }
 
@ARTICLE(McClure1980,
		author = "W. McClure",
		title = "Rate-limiting steps in RNA chain initiation",
		journal = "Proc Natl Acad Sci USA",
		year = "1980",
		volume = "77",
		pages = "5634-5638"
		)  
		
@ARTICLE(Golding2005,
		author = "I. Golding and J. Paulsson and S. Zawilski and E. Cox",
		title = "Real-time kinetics of gene activity in individual bacteria",
		journal = "Cell",
		year = "2005",
		volume = "123",
		pages = "1025-1036"
		)

@ARTICLE(Ribeiro2010c,
		author = "A.S. Ribeiro and A. Hakkinen and S. Healy and O. Yli-Harja",
		title = "Dynamical effects of transcriptional pause-prone sites",
		journal = "Comput. Biol. Chem.",
		year = "2010",
		volume = "34",
		pages = "143-148"
		)
		
@ARTICLE(Sorensen1991,
		author = "M.A. Sorensen and S. Pedersen",
		title = "Absolute in vivo translation rates of individual codons in \emph{Escherichia coli}",
		journal = "J. Mol. Biol.",
		year = "1991",
		volume = "222",
		pages = "265-280"
		)

@ARTICLE(Yarchuk1992,
		author = "O. Yarchuk and N. Jacques and J. Guillerez and M. Dreyfus",
		title = "Interdependence of translation, transcription and mRNA degradation in the lacZ gene",
		journal = "J. Mol. Biol.",
		year = "1992",
		volume = "226",
		pages = "581-596"
		)

@ARTICLE(StPierre2008,
		author = "F. St-Pierre and D. Endy",
		title = "Determination of cell fate selection during phage lambda infection",
		journal = "Proc. Natl. Acad. Sci. USA",
		year = "2008",
		volume = "105",
		pages = "20705-20710"
		)

@ARTICLE(Lok2005,
		author = "L. Lok and R. Brent",
		title = "Automatic generation of cellular reaction networks with Moleculizer 1.0",
		journal = "Nat. Biotech.",
		volume = "23",
		pages = "131-36"
		)

